
  
  
  
  
  
  
  
 
  
  <record xsi:schemaLocation="http://www.loc.gov/MARC21/slim http://www.loc.gov/standards/marcxml/schema/MARC21slim.xsd">
      <leader>00000cam a2200433 i 4500</leader>
      <controlfield tag="FMT">BK</controlfield>
      <controlfield tag="LDR">00000cam a2200433 i 4500</controlfield>
      <controlfield tag="001">004231624</controlfield>
      <controlfield tag="003">OCoLC</controlfield>
      <controlfield tag="005">20160418141447.0</controlfield>
      <controlfield tag="008">160202s2015    nyuabe   b    001 0 eng</controlfield>
      <datafield tag="010" ind1=" " ind2=" ">
         <subfield code="a">2015036944</subfield>
      </datafield>
      <datafield tag="020" ind1=" " ind2=" ">
         <subfield code="a">9781479889228</subfield>
         <subfield code="q">(cloth ;</subfield>
         <subfield code="q">alk. paper)</subfield>
      </datafield>
      <datafield tag="020" ind1=" " ind2=" ">
         <subfield code="a">1479889229</subfield>
         <subfield code="q">(cloth ;</subfield>
         <subfield code="q">alk. paper)</subfield>
      </datafield>
      <datafield tag="020" ind1=" " ind2=" ">
         <subfield code="z">9781479818716</subfield>
         <subfield code="q">(e-book)</subfield>
      </datafield>
      <datafield tag="020" ind1=" " ind2=" ">
         <subfield code="z">9781479860319</subfield>
         <subfield code="q">(e-book)</subfield>
      </datafield>
      <datafield tag="035" ind1=" " ind2=" ">
         <subfield code="a">(OCoLC)921926866</subfield>
         <subfield code="z">(OCoLC)929049660</subfield>
      </datafield>
      <datafield tag="040" ind1=" " ind2=" ">
         <subfield code="a">DLC</subfield>
         <subfield code="b">eng</subfield>
         <subfield code="e">rda</subfield>
         <subfield code="c">DLC</subfield>
         <subfield code="d">OCLCO</subfield>
         <subfield code="d">BTCTA</subfield>
         <subfield code="d">YDXCP</subfield>
         <subfield code="d">OCLCQ</subfield>
         <subfield code="d">CDX</subfield>
         <subfield code="d">NNU</subfield>
      </datafield>
      <datafield tag="042" ind1=" " ind2=" ">
         <subfield code="a">pcc</subfield>
      </datafield>
      <datafield tag="043" ind1=" " ind2=" ">
         <subfield code="a">f-ua---</subfield>
      </datafield>
      <datafield tag="050" ind1="0" ind2="0">
         <subfield code="a">DT73.A53</subfield>
         <subfield code="b">B34 2015</subfield>
      </datafield>
      <datafield tag="082" ind1="0" ind2="0">
         <subfield code="a">932/.2</subfield>
         <subfield code="2">23</subfield>
      </datafield>
      <datafield tag="100" ind1="1" ind2=" ">
         <subfield code="a">Bagnall, Roger S.,</subfield>
         <subfield code="e">author.</subfield>
      </datafield>
      <datafield tag="245" ind1="1" ind2="3">
         <subfield code="a">An oasis city /</subfield>
         <subfield code="c">Roger S. Bagnall, Nicola Aravecchia, Raffaella Cribiore, Paola Davoli, Olaf E. Kaper, Susanna McFadden.</subfield>
      </datafield>
      <datafield tag="264" ind1=" " ind2="1">
         <subfield code="a">New York :</subfield>
         <subfield code="b">New York University Press,</subfield>
         <subfield code="c">2015.</subfield>
      </datafield>
      <datafield tag="300" ind1=" " ind2=" ">
         <subfield code="a">xvi, 240 pages :</subfield>
         <subfield code="b">illustrations (some color), color maps, plans (some color) ;</subfield>
         <subfield code="c">27 cm.</subfield>
      </datafield>
      <datafield tag="336" ind1=" " ind2=" ">
         <subfield code="a">text</subfield>
         <subfield code="b">txt</subfield>
         <subfield code="2">rdacontent</subfield>
      </datafield>
      <datafield tag="337" ind1=" " ind2=" ">
         <subfield code="a">unmediated</subfield>
         <subfield code="b">n</subfield>
         <subfield code="2">rdamedia</subfield>
      </datafield>
      <datafield tag="338" ind1=" " ind2=" ">
         <subfield code="a">volume</subfield>
         <subfield code="b">nc</subfield>
         <subfield code="2">rdacarrier</subfield>
      </datafield>
      <datafield tag="504" ind1=" " ind2=" ">
         <subfield code="a">Includes bibliographical references and index.</subfield>
      </datafield>
      <datafield tag="505" ind1="0" ind2="0">
         <subfield code="g">Introduction /</subfield>
         <subfield code="r">Roger S. Bagnall and Olaf E. Kaper.</subfield>
         <subfield code="g">1.</subfield>
         <subfield code="t">Amheida in its surroundings.</subfield>
         <subfield code="t">The natural landscape and its evolution /</subfield>
         <subfield code="r">Paola Davoli --</subfield>
         <subfield code="t">The sacred landscape /</subfield>
         <subfield code="r">Olaf E. Kaper --</subfield>
         <subfield code="t">The economic landscape /</subfield>
         <subfield code="r">Roger S. Bagnall.</subfield>
         <subfield code="g">2.</subfield>
         <subfield code="t">Amheida before the Romans.</subfield>
         <subfield code="t">Early remains on the temple hill /</subfield>
         <subfield code="r">Paola Davoli --</subfield>
         <subfield code="t">Textual and decorative evidence for the New Kingdom and the Third Intermediate Period /</subfield>
         <subfield code="r">Olaf E. Kaper --</subfield>
         <subfield code="t">The temples of the Late Period /</subfield>
         <subfield code="r">Olaf E. Kaper --</subfield>
         <subfield code="t">A secred necropolis /</subfield>
         <subfield code="r">Paola Davoli.</subfield>
         <subfield code="g">3.</subfield>
         <subfield code="t">The urban landscape during the Roman period.</subfield>
         <subfield code="t">The city plan of Roman and late Roman Trimithis /</subfield>
         <subfield code="r">Paola Davoli --</subfield>
         <subfield code="t">The baths of Trimithis /</subfield>
         <subfield code="r">Paola Davoli --</subfield>
         <subfield code="t">Two houses /</subfield>
         <subfield code="r">Paola Davoli. Roger S. Bagnall --</subfield>
         <subfield code="g">4.</subfield>
         <subfield code="t">Egyptian religion at Trimithis during the Roman period.</subfield>
         <subfield code="t">The temple /</subfield>
         <subfield code="r">Paola Davoli, Olaf E. Kaper --</subfield>
         <subfield code="t">Funerary life : the pyramids /</subfield>
         <subfield code="r">Olaf E. Kaper --</subfield>
         <subfield code="t">Onomastics /</subfield>
         <subfield code="r">Roger S. Bagnall.</subfield>
         <subfield code="g">5.</subfield>
         <subfield code="t">Christianity at Trimithis and in the Dakhla Oasis.</subfield>
         <subfield code="t">The church of Trimithis /</subfield>
         <subfield code="r">Nicola Aravecchia --</subfield>
         <subfield code="t">Other evidence of Christianity at Amheida /</subfield>
         <subfield code="r">Roger S. Bagnall and Raffaella Cribiore --</subfield>
         <subfield code="t">Other churches in Daklha : Kellis, 'Ain el-Gedida, Deir Abu Matta, Deir el-Molouk, 'Ain es-Sabil /</subfield>
         <subfield code="r">Nicola Aravecchia.</subfield>
         <subfield code="g">6.</subfield>
         <subfield code="t">Economy and society in the Roman oasis.</subfield>
         <subfield code="t">The oasis economy /</subfield>
         <subfield code="r">Roger S. Bagnall --</subfield>
         <subfield code="t">A rural settlement in the oasis system /</subfield>
         <subfield code="r">Nicola Aravecchia --</subfield>
         <subfield code="t">Government and military /</subfield>
         <subfield code="r">Roger S. Bagnall --</subfield>
         <subfield code="t">Oasis society /</subfield>
         <subfield code="r">Roger S. Bagnall.</subfield>
         <subfield code="g">7. Trimithis in the culture of the eastern Roman empire.</subfield>
         <subfield code="t">Literary culture and education in the Dakhla Oasis /</subfield>
         <subfield code="r">Raffaella Cribiore --</subfield>
         <subfield code="t">Amheida's wall paintings /</subfield>
         <subfield code="r">Susanna McFadden --</subfield>
         <subfield code="t">The evidence of Greek names /</subfield>
         <subfield code="r">Roger S. Bagnall.</subfield>
      </datafield>
      <datafield tag="651" ind1=" " ind2="0">
         <subfield code="a">Amheida Site (Egypt)</subfield>
      </datafield>
      <datafield tag="650" ind1=" " ind2="0">
         <subfield code="a">Excavations (Archaeology)</subfield>
         <subfield code="z">Egypt</subfield>
         <subfield code="z">Amheida Site.</subfield>
      </datafield>
      <datafield tag="651" ind1=" " ind2="0">
         <subfield code="a">Egypt</subfield>
         <subfield code="x">Antiquities, Roman.</subfield>
      </datafield>
      <datafield tag="700" ind1="1" ind2=" ">
         <subfield code="a">Aravecchia, Nicola,</subfield>
         <subfield code="e">author.</subfield>
      </datafield>
      <datafield tag="700" ind1="1" ind2=" ">
         <subfield code="a">Cribiore, Raffaella,</subfield>
         <subfield code="e">author.</subfield>
      </datafield>
      <datafield tag="700" ind1="1" ind2=" ">
         <subfield code="a">Davoli, Paola,</subfield>
         <subfield code="e">author.</subfield>
      </datafield>
      <datafield tag="700" ind1="1" ind2=" ">
         <subfield code="a">Kaper, Olaf E.,</subfield>
         <subfield code="e">author.</subfield>
      </datafield>
      <datafield tag="700" ind1="1" ind2=" ">
         <subfield code="a">McFadden, Susanna,</subfield>
         <subfield code="e">author.</subfield>
      </datafield>
      <datafield tag="994" ind1=" " ind2=" ">
         <subfield code="a">Z0</subfield>
         <subfield code="b">ZYU</subfield>
      </datafield>
      <datafield tag="OWN" ind1=" " ind2=" ">
         <subfield code="a">GENERAL</subfield>
      </datafield>
      <datafield tag="AVA" ind1=" " ind2=" ">
         <subfield code="a">NYU50</subfield>
         <subfield code="b">BOBST</subfield>
         <subfield code="c">Main Collection</subfield>
         <subfield code="d">DT73.A53 B34 2015</subfield>
         <subfield code="e">available</subfield>
         <subfield code="t">Available</subfield>
         <subfield code="f">1</subfield>
         <subfield code="g">0</subfield>
         <subfield code="h">N</subfield>
         <subfield code="i">0</subfield>
         <subfield code="j">MAIN</subfield>
         <subfield code="k">0</subfield>
      </datafield>
      <datafield tag="AVA" ind1=" " ind2=" ">
         <subfield code="a">NYU50</subfield>
         <subfield code="b">NISAW</subfield>
         <subfield code="c">Large Collection</subfield>
         <subfield code="d">DT73.A53 B34 2015</subfield>
         <subfield code="e">available</subfield>
         <subfield code="t">Available</subfield>
         <subfield code="f">1</subfield>
         <subfield code="g">0</subfield>
         <subfield code="h">N</subfield>
         <subfield code="i">0</subfield>
         <subfield code="j">LARGE</subfield>
         <subfield code="k">0</subfield>
      </datafield>
      <marc:datafield tag="852" ind1=" " ind2=" ">
         <marc:subfield code="b">Institute for the Study of the Ancient World, </marc:subfield>
         <marc:subfield code="c">Large Collection</marc:subfield>
         <marc:subfield code="e">15 East 84th St., </marc:subfield>
         <marc:subfield code="e">New York, NY  10028</marc:subfield>
      </marc:datafield>
      <datafield tag="AVA" ind1=" " ind2=" ">
         <subfield code="a">NYU51</subfield>
         <subfield code="b">NABUD</subfield>
         <subfield code="c">Main Collection</subfield>
         <subfield code="d">DT73.A53 B34 2015</subfield>
         <subfield code="e">available</subfield>
         <subfield code="t">Available</subfield>
         <subfield code="f">1</subfield>
         <subfield code="g">0</subfield>
         <subfield code="h">N</subfield>
         <subfield code="i">0</subfield>
         <subfield code="j">MAIN</subfield>
         <subfield code="k">0</subfield>
      </datafield>
   </record>