
  
  
  
  
  
 
  
  <record xsi:schemaLocation="http://www.loc.gov/MARC21/slim http://www.loc.gov/standards/marcxml/schema/MARC21slim.xsd">
      <leader>00000cam a2200421 i 4500</leader>
      <controlfield tag="FMT">BK</controlfield>
      <controlfield tag="LDR">00000cam a2200421 i 4500</controlfield>
      <controlfield tag="001">004231633</controlfield>
      <controlfield tag="003">OCoLC</controlfield>
      <controlfield tag="005">20160202163328.0</controlfield>
      <controlfield tag="008">160202s2015    nyuabe   b    001 0 eng</controlfield>
      <datafield tag="010" ind1=" " ind2=" ">
         <subfield code="a">2014036022</subfield>
      </datafield>
      <datafield tag="020" ind1=" " ind2=" ">
         <subfield code="a">9781479880348</subfield>
         <subfield code="q">(cloth ;</subfield>
         <subfield code="q">alk. paper)</subfield>
      </datafield>
      <datafield tag="020" ind1=" " ind2=" ">
         <subfield code="a">1479880345</subfield>
         <subfield code="q">(cloth ;</subfield>
         <subfield code="q">alk. paper)</subfield>
      </datafield>
      <datafield tag="020" ind1=" " ind2=" ">
         <subfield code="z">9781479842230</subfield>
         <subfield code="q">(ebook)</subfield>
      </datafield>
      <datafield tag="020" ind1=" " ind2=" ">
         <subfield code="z">9781479881871</subfield>
         <subfield code="q">(ebook)</subfield>
      </datafield>
      <datafield tag="035" ind1=" " ind2=" ">
         <subfield code="a">(OCoLC)894183623</subfield>
      </datafield>
      <datafield tag="040" ind1=" " ind2=" ">
         <subfield code="a">DLC</subfield>
         <subfield code="b">eng</subfield>
         <subfield code="e">rda</subfield>
         <subfield code="c">DLC</subfield>
         <subfield code="d">OCLCF</subfield>
         <subfield code="d">OCLCQ</subfield>
         <subfield code="d">NNU</subfield>
      </datafield>
      <datafield tag="042" ind1=" " ind2=" ">
         <subfield code="a">pcc</subfield>
      </datafield>
      <datafield tag="043" ind1=" " ind2=" ">
         <subfield code="a">f-ua---</subfield>
      </datafield>
      <datafield tag="050" ind1="0" ind2="0">
         <subfield code="a">DT73.D33</subfield>
         <subfield code="b">B66 2015</subfield>
      </datafield>
      <datafield tag="082" ind1="0" ind2="0">
         <subfield code="a">932/.2</subfield>
         <subfield code="2">23</subfield>
      </datafield>
      <datafield tag="090" ind1=" " ind2=" ">
         <subfield code="a">DT73.A53</subfield>
         <subfield code="b">B55 2015</subfield>
      </datafield>
      <datafield tag="100" ind1="1" ind2=" ">
         <subfield code="a">Boozer, Anna Lucille,</subfield>
         <subfield code="d">1977-</subfield>
      </datafield>
      <datafield tag="245" ind1="1" ind2="2">
         <subfield code="a">A late Romano-Egyptian house in the Dakhla Oasis :</subfield>
         <subfield code="b">Amheida house B2 /</subfield>
         <subfield code="c">by Anna Lucille Boozer ; with contributions from Douglas V. Campana, Angela Cervi, Pam J. Crabtree, Paola Davoli, Delphine Dixneuf, David Ratzan, Giovanni Ruffini, Ursula Thanheiser, and Johannes Walter.</subfield>
      </datafield>
      <datafield tag="264" ind1=" " ind2="1">
         <subfield code="a">New York :</subfield>
         <subfield code="b">New York University Press and Institute for the Study of the Ancient World,</subfield>
         <subfield code="c">2015.</subfield>
      </datafield>
      <datafield tag="300" ind1=" " ind2=" ">
         <subfield code="a">460 pages :</subfield>
         <subfield code="b">illustrations (some color), maps, plans ;</subfield>
         <subfield code="c">29 cm.</subfield>
      </datafield>
      <datafield tag="336" ind1=" " ind2=" ">
         <subfield code="a">text</subfield>
         <subfield code="b">txt</subfield>
         <subfield code="2">rdacontent</subfield>
      </datafield>
      <datafield tag="336" ind1=" " ind2=" ">
         <subfield code="a">still image</subfield>
         <subfield code="b">sti</subfield>
         <subfield code="2">rdacontent</subfield>
      </datafield>
      <datafield tag="337" ind1=" " ind2=" ">
         <subfield code="a">unmediated</subfield>
         <subfield code="b">n</subfield>
         <subfield code="2">rdamedia</subfield>
      </datafield>
      <datafield tag="338" ind1=" " ind2=" ">
         <subfield code="a">volume</subfield>
         <subfield code="b">nc</subfield>
         <subfield code="2">rdacarrier</subfield>
      </datafield>
      <datafield tag="490" ind1="0" ind2=" ">
         <subfield code="a">Amheida ;</subfield>
         <subfield code="v">II</subfield>
      </datafield>
      <datafield tag="504" ind1=" " ind2=" ">
         <subfield code="a">Includes bibliographical references and indexes.</subfield>
      </datafield>
      <datafield tag="505" ind1="0" ind2="0">
         <subfield code="g">Part I.</subfield>
         <subfield code="t">Introduction, Settings, and Methodologies.</subfield>
         <subfield code="g">Chapter 1.</subfield>
         <subfield code="t">Domestic Archaeology and the Romano-Egyptian House: An Integrated Research Agenda /</subfield>
         <subfield code="r">Anna Lucille Boozer --</subfield>
         <subfield code="g">Chapter 2.</subfield>
         <subfield code="t">Situating the Case Study: The Dakhla Oasis and Amheida /</subfield>
         <subfield code="r">Anna Lucille Boozer --</subfield>
         <subfield code="g">Chapter 3.</subfield>
         <subfield code="t">Approaching the Romano-Egyptian House: Research Methodologies /</subfield>
         <subfield code="r">(Anna Lucille Boozer.</subfield>
         <subfield code="g">Part II.</subfield>
         <subfield code="t">The Excavations.</subfield>
         <subfield code="g">Chapter 4.</subfield>
         <subfield code="t">Layers of Building, Living, and Abandonment: Stratigraphies of House B2 and its Surroundings /</subfield>
         <subfield code="r">Anna Lucille Boozer.</subfield>
         <subfield code="g">Part III.</subfield>
         <subfield code="t">Building Techniques and Architectural Interpretations.</subfield>
         <subfield code="g">Chapter 5.</subfield>
         <subfield code="t">Building Domestic Space: The Construction Techniques for House B2 /</subfield>
         <subfield code="r">Anna Lucille Boozer --</subfield>
         <subfield code="g">Chapter 6.</subfield>
         <subfield code="t">Situating Domestic Space: An Architectural Analysis and Reconstruction of House B2 /</subfield>
         <subfield code="r">Anna Lucille Boozer.</subfield>
      </datafield>
      <datafield tag="505" ind1="8" ind2="0">
         <subfield code="g">Part IV.</subfield>
         <subfield code="t">The Material Culture of Everyday Life.</subfield>
         <subfield code="g">Chapter 7.</subfield>
         <subfield code="t">Artifact and Activity: The Material Culture of Domestic Living /</subfield>
         <subfield code="r">Anna Lucille Boozer --</subfield>
         <subfield code="g">Chapter 8.</subfield>
         <subfield code="t">La Céramique de la Maison B2 /</subfield>
         <subfield code="r">Delphine Dixneuf --</subfield>
         <subfield code="g">Chapter 9.</subfield>
         <subfield code="t">Unfired Clay Objects /</subfield>
         <subfield code="r">Paola Davoli --</subfield>
         <subfield code="g">Chapter 10.</subfield>
         <subfield code="t">Figurines /</subfield>
         <subfield code="r">Anna Lucille Boozer --</subfield>
         <subfield code="g">Chapter 11.</subfield>
         <subfield code="t">Adornment /</subfield>
         <subfield code="r">Angela Cervi --</subfield>
         <subfield code="g">Chapter 12.</subfield>
         <subfield code="t">Glass Vessels /</subfield>
         <subfield code="r">Angela Cervi --</subfield>
         <subfield code="g">Chapter 13.</subfield>
         <subfield code="t">Faience Vessels /</subfield>
         <subfield code="r">Angela Cervi --</subfield>
         <subfield code="g">Chapter 14.</subfield>
         <subfield code="t">Coins /</subfield>
         <subfield code="r">David M. Ratzan --</subfield>
         <subfield code="g">Chapter 15.</subfield>
         <subfield code="t">Transport and Trade in Trimithis: The Texts from Area 1 /</subfield>
         <subfield code="r">Giovanni R. Ruffini --</subfield>
         <subfield code="g">Chapter 16.</subfield>
         <subfield code="t">Faunal Remains from Amheida, Area 1 /</subfield>
         <subfield code="r">Pam J. Crabtree and Douglas V. Campana --</subfield>
         <subfield code="g">Chapter 17.</subfield>
         <subfield code="t">Plant Use in a Romano-Egyptian Household in the Third Century CE /</subfield>
         <subfield code="r">Ursula Thanheiser and Johannes Walter --</subfield>
         <subfield code="g">Chapter 18.</subfield>
         <subfield code="t">Wood Objects /</subfield>
         <subfield code="r">Angela Cervi --</subfield>
         <subfield code="g">Chapter 19.</subfield>
         <subfield code="t">Woven Material /</subfield>
         <subfield code="r">Anna Lucille Boozer.</subfield>
         <subfield code="g">Part V.</subfield>
         <subfield code="t">Concluding Thoughts and Discussion.</subfield>
         <subfield code="g">Chapter 20.</subfield>
         <subfield code="t">Towards an Integrative Interpretation of Life in a Romano-Egyptian House /</subfield>
         <subfield code="r">Anna Lucille Boozer.</subfield>
      </datafield>
      <datafield tag="530" ind1=" " ind2=" ">
         <subfield code="a">Also published online.</subfield>
      </datafield>
      <datafield tag="651" ind1=" " ind2="0">
         <subfield code="a">Dakhla Oasis (Egypt)</subfield>
         <subfield code="x">Antiquities.</subfield>
      </datafield>
      <datafield tag="651" ind1=" " ind2="0">
         <subfield code="a">Amheida Site (Egypt)</subfield>
      </datafield>
      <datafield tag="650" ind1=" " ind2="0">
         <subfield code="a">Material culture</subfield>
         <subfield code="z">Egypt</subfield>
         <subfield code="z">Dakhla Oasis.</subfield>
      </datafield>
      <datafield tag="650" ind1=" " ind2="0">
         <subfield code="a">Excavations (Archaeology)</subfield>
         <subfield code="z">Egypt</subfield>
         <subfield code="z">Dakhla Oasis.</subfield>
      </datafield>
      <datafield tag="650" ind1=" " ind2="7">
         <subfield code="a">Antiquities.</subfield>
         <subfield code="2">fast</subfield>
         <subfield code="0">(OCoLC)fst00810745</subfield>
      </datafield>
      <datafield tag="650" ind1=" " ind2="7">
         <subfield code="a">Excavations (Archaeology)</subfield>
         <subfield code="2">fast</subfield>
         <subfield code="0">(OCoLC)fst00917564</subfield>
      </datafield>
      <datafield tag="651" ind1=" " ind2="7">
         <subfield code="a">Egypt</subfield>
         <subfield code="z">Dakhla Oasis.</subfield>
         <subfield code="2">fast</subfield>
         <subfield code="0">(OCoLC)fst01241512</subfield>
      </datafield>
      <datafield tag="700" ind1="1" ind2=" ">
         <subfield code="a">Campana, Douglas V.,</subfield>
         <subfield code="e">contributor.</subfield>
      </datafield>
      <datafield tag="700" ind1="1" ind2=" ">
         <subfield code="a">Cervi, Angela,</subfield>
         <subfield code="e">contributor.</subfield>
      </datafield>
      <datafield tag="700" ind1="1" ind2=" ">
         <subfield code="a">Crabtree, Pam J.,</subfield>
         <subfield code="e">contributor.</subfield>
      </datafield>
      <datafield tag="700" ind1="1" ind2=" ">
         <subfield code="a">Davoli, Paola,</subfield>
         <subfield code="e">contributor.</subfield>
      </datafield>
      <datafield tag="700" ind1="1" ind2=" ">
         <subfield code="a">Dixneuf, Delphine,</subfield>
         <subfield code="e">contributor.</subfield>
      </datafield>
      <datafield tag="700" ind1="1" ind2=" ">
         <subfield code="a">Ratzan, David M.,</subfield>
         <subfield code="e">contributor.</subfield>
      </datafield>
      <datafield tag="700" ind1="1" ind2=" ">
         <subfield code="a">Ruffini, Giovanni,</subfield>
         <subfield code="d">1974-</subfield>
         <subfield code="e">contributor.</subfield>
      </datafield>
      <datafield tag="700" ind1="1" ind2=" ">
         <subfield code="a">Thanheiser, Ursula,</subfield>
         <subfield code="e">contributor.</subfield>
      </datafield>
      <datafield tag="700" ind1="1" ind2=" ">
         <subfield code="a">Walter, Johannes</subfield>
         <subfield code="c">(Botanist),</subfield>
         <subfield code="e">contributor.</subfield>
      </datafield>
      <datafield tag="710" ind1="2" ind2=" ">
         <subfield code="a">New York University.</subfield>
         <subfield code="b">Institute for the Study of the Ancient World.</subfield>
      </datafield>
      <datafield tag="776" ind1="1" ind2=" ">
         <subfield code="i">Online version:</subfield>
         <subfield code="a">Boozer, Anna Lucille, 1977-</subfield>
         <subfield code="t">Late Romano-Egyptian house in the Dakhla Oasis</subfield>
         <subfield code="w">(BSN) 004222876</subfield>
         <subfield code="z">9781479842230</subfield>
      </datafield>
      <datafield tag="994" ind1=" " ind2=" ">
         <subfield code="a">Z0</subfield>
         <subfield code="b">ZYU</subfield>
      </datafield>
      <datafield tag="OWN" ind1=" " ind2=" ">
         <subfield code="a">GENERAL</subfield>
      </datafield>
      <datafield tag="AVA" ind1=" " ind2=" ">
         <subfield code="a">NYU50</subfield>
         <subfield code="b">BOBST</subfield>
         <subfield code="c">Main Collection</subfield>
         <subfield code="d">DT73.A53 B55 2015</subfield>
         <subfield code="e">available</subfield>
         <subfield code="t">Available</subfield>
         <subfield code="f">1</subfield>
         <subfield code="g">0</subfield>
         <subfield code="h">N</subfield>
         <subfield code="i">0</subfield>
         <subfield code="j">MAIN</subfield>
         <subfield code="k">0</subfield>
      </datafield>
      <datafield tag="AVA" ind1=" " ind2=" ">
         <subfield code="a">NYU50</subfield>
         <subfield code="b">NISAW</subfield>
         <subfield code="c">Large Collection</subfield>
         <subfield code="d">DT73.A53 B55 2015</subfield>
         <subfield code="e">available</subfield>
         <subfield code="t">Available</subfield>
         <subfield code="f">1</subfield>
         <subfield code="g">0</subfield>
         <subfield code="h">N</subfield>
         <subfield code="i">0</subfield>
         <subfield code="j">LARGE</subfield>
         <subfield code="k">0</subfield>
      </datafield>
      <marc:datafield tag="852" ind1=" " ind2=" ">
         <marc:subfield code="b">Institute for the Study of the Ancient World, </marc:subfield>
         <marc:subfield code="c">Large Collection</marc:subfield>
         <marc:subfield code="e">15 East 84th St., </marc:subfield>
         <marc:subfield code="e">New York, NY  10028</marc:subfield>
      </marc:datafield>
   </record>