
  
  
  
  
  
 
  
  <record xsi:schemaLocation="http://www.loc.gov/MARC21/slim http://www.loc.gov/standards/marcxml/schema/MARC21slim.xsd">
      <leader>00000nam a2200289 i 4500</leader>
      <controlfield tag="FMT">BK</controlfield>
      <controlfield tag="LDR">00000nam a2200289 i 4500</controlfield>
      <controlfield tag="001">004233222</controlfield>
      <controlfield tag="003">OCoLC</controlfield>
      <controlfield tag="005">20160229162623.0</controlfield>
      <controlfield tag="008">160209s2014    ru a     b    000 0 rus d</controlfield>
      <datafield tag="020" ind1=" " ind2=" ">
         <subfield code="a">9785901304693</subfield>
      </datafield>
      <datafield tag="020" ind1=" " ind2=" ">
         <subfield code="a">5901304691</subfield>
      </datafield>
      <datafield tag="035" ind1=" " ind2=" ">
         <subfield code="a">(OCoLC)900162591</subfield>
      </datafield>
      <datafield tag="040" ind1=" " ind2=" ">
         <subfield code="a">EVIEW</subfield>
         <subfield code="b">eng</subfield>
         <subfield code="e">rda</subfield>
         <subfield code="c">EVIEW</subfield>
         <subfield code="d">NNU</subfield>
      </datafield>
      <datafield tag="043" ind1=" " ind2=" ">
         <subfield code="a">e-ru---</subfield>
      </datafield>
      <datafield tag="050" ind1=" " ind2="4">
         <subfield code="a">DK511.K17</subfield>
         <subfield code="b">L47 2014</subfield>
      </datafield>
      <datafield tag="100" ind1="1" ind2=" ">
         <subfield code="6">880-01</subfield>
         <subfield code="a">Leshchinskai͡a, N. A.</subfield>
         <subfield code="q">(Nadezhda Anatolʹevna)</subfield>
         <subfield code="e">author.</subfield>
      </datafield>
      <datafield tag="245" ind1="1" ind2="0">
         <subfield code="6">880-02</subfield>
         <subfield code="a">Vi͡atskiĭ kraĭ v pʹi͡anoborskui͡u ėpokhu :</subfield>
         <subfield code="b">(po materialam pogrebalʹnykh pami͡atnikov I-V vv. n.ė.) /</subfield>
         <subfield code="c">N. A. Leshchinskai͡a.</subfield>
      </datafield>
      <datafield tag="264" ind1=" " ind2="1">
         <subfield code="6">880-03</subfield>
         <subfield code="a">Izhevsk :</subfield>
         <subfield code="b">[publisher not identified],</subfield>
         <subfield code="c">2014.</subfield>
      </datafield>
      <datafield tag="300" ind1=" " ind2=" ">
         <subfield code="a">471 pages :</subfield>
         <subfield code="b">illustrations,</subfield>
         <subfield code="c">30 cm</subfield>
      </datafield>
      <datafield tag="336" ind1=" " ind2=" ">
         <subfield code="a">text</subfield>
         <subfield code="b">txt</subfield>
         <subfield code="2">rdacontent</subfield>
      </datafield>
      <datafield tag="337" ind1=" " ind2=" ">
         <subfield code="a">unmediated</subfield>
         <subfield code="b">n</subfield>
         <subfield code="2">rdamedia</subfield>
      </datafield>
      <datafield tag="338" ind1=" " ind2=" ">
         <subfield code="a">volume</subfield>
         <subfield code="b">nc</subfield>
         <subfield code="2">rdacarrier</subfield>
      </datafield>
      <datafield tag="490" ind1="1" ind2=" ">
         <subfield code="6">880-04</subfield>
         <subfield code="a">Materialy i issledovanii͡a Kamsko-Vi͡atskoĭ arkheologicheskoĭ ėkspedit͡sii ;</subfield>
         <subfield code="v">Tom 27</subfield>
      </datafield>
      <datafield tag="504" ind1=" " ind2=" ">
         <subfield code="a">Includes bibliographical references (pages 446-451).</subfield>
      </datafield>
      <datafield tag="500" ind1=" " ind2=" ">
         <subfield code="6">880-05</subfield>
         <subfield code="a">"Nauchnoe izdanie"--Colophon.</subfield>
      </datafield>
      <datafield tag="651" ind1=" " ind2="0">
         <subfield code="a">Vyatka River Valley (Russia)</subfield>
         <subfield code="x">Antiquities.</subfield>
      </datafield>
      <datafield tag="651" ind1=" " ind2="0">
         <subfield code="a">Kama River Valley (Russia)</subfield>
         <subfield code="x">Antiquities.</subfield>
      </datafield>
      <datafield tag="651" ind1=" " ind2="0">
         <subfield code="a">Vyatka River Valley (Russia)</subfield>
         <subfield code="x">Religious life and customs.</subfield>
      </datafield>
      <datafield tag="651" ind1=" " ind2="0">
         <subfield code="a">Kama River Valley (Russia)</subfield>
         <subfield code="x">Religious life and customs.</subfield>
      </datafield>
      <datafield tag="650" ind1=" " ind2="0">
         <subfield code="a">Sacred space</subfield>
         <subfield code="z">Russia (Federation)</subfield>
         <subfield code="z">Vyatka River Valley.</subfield>
      </datafield>
      <datafield tag="650" ind1=" " ind2="0">
         <subfield code="a">Iron age</subfield>
         <subfield code="z">Russia (Federation)</subfield>
         <subfield code="z">Vyatka River Valley.</subfield>
      </datafield>
      <datafield tag="650" ind1=" " ind2="0">
         <subfield code="a">Excavations (Archaeology)</subfield>
         <subfield code="z">Russia (Federation)</subfield>
         <subfield code="z">Vyatka River Valley.</subfield>
      </datafield>
      <datafield tag="650" ind1=" " ind2="0">
         <subfield code="a">Excavations (Archaeology)</subfield>
         <subfield code="z">Russia (Federation)</subfield>
         <subfield code="z">Kama River Valley.</subfield>
      </datafield>
      <datafield tag="880" ind1="1" ind2=" ">
         <subfield code="6">100-01/</subfield>
         <subfield code="a">Лещинская, Н. A.</subfield>
         <subfield code="q">(Нaдежда Aнaтольевнa)</subfield>
         <subfield code="e">author.</subfield>
      </datafield>
      <datafield tag="880" ind1="1" ind2="0">
         <subfield code="6">245-02/</subfield>
         <subfield code="a">Вятский край в пьяноборскую эпоху :</subfield>
         <subfield code="b">(пo мaтeриалам пoгребальных памятников I-V вв. н.э.) /</subfield>
         <subfield code="c">Н. A. Лещинская.</subfield>
      </datafield>
      <datafield tag="880" ind1=" " ind2="1">
         <subfield code="6">264-03/</subfield>
         <subfield code="a">Ижевск :</subfield>
         <subfield code="b">[publisher not identified],</subfield>
         <subfield code="c">2014.</subfield>
      </datafield>
      <datafield tag="880" ind1="1" ind2=" ">
         <subfield code="6">490-04/</subfield>
         <subfield code="a">Материалы и исследования Камско-Вятской археологической экспедиции ;</subfield>
         <subfield code="v">Tom 27</subfield>
      </datafield>
      <datafield tag="880" ind1=" " ind2=" ">
         <subfield code="6">500-05/</subfield>
         <subfield code="a">"Научное издание"--Colophon.</subfield>
      </datafield>
      <datafield tag="830" ind1=" " ind2="0">
         <subfield code="6">880-06</subfield>
         <subfield code="a">Materialy i issledovanii͡a Kamsko-Vi͡atskoĭ arkheologicheskoĭ ėkspedit͡sii ;</subfield>
         <subfield code="v">t. 27.</subfield>
      </datafield>
      <datafield tag="880" ind1=" " ind2="0">
         <subfield code="6">830-06/</subfield>
         <subfield code="a">Материалы и исследования Камско-Вятской археологической экспедиции ;</subfield>
         <subfield code="v">t. 27.</subfield>
      </datafield>
      <datafield tag="994" ind1=" " ind2=" ">
         <subfield code="a">Z0</subfield>
         <subfield code="b">ZYU</subfield>
      </datafield>
      <datafield tag="OWN" ind1=" " ind2=" ">
         <subfield code="a">GENERAL</subfield>
      </datafield>
      <datafield tag="AVA" ind1=" " ind2=" ">
         <subfield code="a">NYU50</subfield>
         <subfield code="b">NISAW</subfield>
         <subfield code="c">Large Collection</subfield>
         <subfield code="d">DK511.K17 L47 2014</subfield>
         <subfield code="e">available</subfield>
         <subfield code="t">Available</subfield>
         <subfield code="f">1</subfield>
         <subfield code="g">0</subfield>
         <subfield code="h">N</subfield>
         <subfield code="i">0</subfield>
         <subfield code="j">LARGE</subfield>
         <subfield code="k">0</subfield>
      </datafield>
      <marc:datafield tag="852" ind1=" " ind2=" ">
         <marc:subfield code="b">Institute for the Study of the Ancient World, </marc:subfield>
         <marc:subfield code="c">Large Collection</marc:subfield>
         <marc:subfield code="e">15 East 84th St., </marc:subfield>
         <marc:subfield code="e">New York, NY  10028</marc:subfield>
      </marc:datafield>
   </record>