
  
  
  
  
 
  
  <record xsi:schemaLocation="http://www.loc.gov/MARC21/slim http://www.loc.gov/standards/marcxml/schema/MARC21slim.xsd">
      <leader>00000cam a22      i 4500</leader>
      <controlfield tag="FMT">BK</controlfield>
      <controlfield tag="LDR">00000cam a22      i 4500</controlfield>
      <controlfield tag="001">004233224</controlfield>
      <controlfield tag="005">20160229163403.0</controlfield>
      <controlfield tag="008">160209s2015    maua     b    001 0 eng</controlfield>
      <datafield tag="010" ind1=" " ind2=" ">
         <subfield code="a">  2015037267</subfield>
      </datafield>
      <datafield tag="020" ind1=" " ind2=" ">
         <subfield code="a">9781501510762</subfield>
         <subfield code="q">(hardcover ;</subfield>
         <subfield code="q">acid-free paper)</subfield>
      </datafield>
      <datafield tag="020" ind1=" " ind2=" ">
         <subfield code="a">1501510762</subfield>
         <subfield code="q">(hardcover ;</subfield>
         <subfield code="q">acid-free paper)</subfield>
      </datafield>
      <datafield tag="020" ind1=" " ind2=" ">
         <subfield code="z">9781501502507</subfield>
         <subfield code="q">(ebook)</subfield>
      </datafield>
      <datafield tag="020" ind1=" " ind2=" ">
         <subfield code="z">9781501502521</subfield>
         <subfield code="q">(ePub)</subfield>
      </datafield>
      <datafield tag="035" ind1=" " ind2=" ">
         <subfield code="a">(OCoLC)922639693</subfield>
         <subfield code="z">(OCoLC)910596017</subfield>
      </datafield>
      <datafield tag="040" ind1=" " ind2=" ">
         <subfield code="a">DLC</subfield>
         <subfield code="b">eng</subfield>
         <subfield code="e">rda</subfield>
         <subfield code="c">DLC</subfield>
         <subfield code="d">OHX</subfield>
         <subfield code="d">OCLCF</subfield>
         <subfield code="d">YDXCP</subfield>
         <subfield code="d">CDX</subfield>
         <subfield code="d">OCLCQ</subfield>
         <subfield code="d">BTCTA</subfield>
         <subfield code="d">NNU</subfield>
      </datafield>
      <datafield tag="042" ind1=" " ind2=" ">
         <subfield code="a">pcc</subfield>
      </datafield>
      <datafield tag="043" ind1=" " ind2=" ">
         <subfield code="a">a-iq---</subfield>
      </datafield>
      <datafield tag="050" ind1="0" ind2="0">
         <subfield code="a">Q127.I72</subfield>
         <subfield code="b">I5 2015</subfield>
      </datafield>
      <datafield tag="072" ind1=" " ind2="7">
         <subfield code="a">Q</subfield>
         <subfield code="2">lcco</subfield>
      </datafield>
      <datafield tag="082" ind1="0" ind2="0">
         <subfield code="a">509.35</subfield>
         <subfield code="2">23</subfield>
      </datafield>
      <datafield tag="245" ind1="0" ind2="0">
         <subfield code="a">In the wake of the compendia :</subfield>
         <subfield code="b">infrastructural contexts and the licensing of empiricism in ancient and medieval Mesopotamia /</subfield>
         <subfield code="c">edited by J. Cale Johnson.</subfield>
      </datafield>
      <datafield tag="264" ind1=" " ind2="1">
         <subfield code="a">Boston :</subfield>
         <subfield code="b">De Gruyter,</subfield>
         <subfield code="c">2015.</subfield>
      </datafield>
      <datafield tag="300" ind1=" " ind2=" ">
         <subfield code="a">x, 326 pages :</subfield>
         <subfield code="b">illustrations ;</subfield>
         <subfield code="c">25 cm.</subfield>
      </datafield>
      <datafield tag="336" ind1=" " ind2=" ">
         <subfield code="a">text</subfield>
         <subfield code="b">txt</subfield>
         <subfield code="2">rdacontent</subfield>
      </datafield>
      <datafield tag="337" ind1=" " ind2=" ">
         <subfield code="a">unmediated</subfield>
         <subfield code="b">n</subfield>
         <subfield code="2">rdamedia</subfield>
      </datafield>
      <datafield tag="338" ind1=" " ind2=" ">
         <subfield code="a">volume</subfield>
         <subfield code="b">nc</subfield>
         <subfield code="2">rdacarrier</subfield>
      </datafield>
      <datafield tag="490" ind1="1" ind2=" ">
         <subfield code="a">Science, technology, and medicine in ancient cultures,</subfield>
         <subfield code="x">2194-976X ;</subfield>
         <subfield code="v">volume 3</subfield>
      </datafield>
      <datafield tag="504" ind1=" " ind2=" ">
         <subfield code="a">Includes bibliographical references and indexes.</subfield>
      </datafield>
      <datafield tag="505" ind1="0" ind2="0">
         <subfield code="g">Introduction:</subfield>
         <subfield code="t">"Infrastructural compendia" and the licensing of empiricism in Mesopotamian technical literature /</subfield>
         <subfield code="r">J. Cale Johnson --</subfield>
         <subfield code="g">Part A.</subfield>
         <subfield code="t">The infrastructural compendium --</subfield>
         <subfield code="t">Encyclopaedias and commentaries /</subfield>
         <subfield code="r">M.J. Geller --</subfield>
         <subfield code="t">Compendia and procedures in the Mesopotamian astral sciences /</subfield>
         <subfield code="r">Mathieu Ossendrijver --</subfield>
         <subfield code="t">Listenwissenschaft and the encyclopedic hermeneutics of knowledge in Talmud and Midrash /</subfield>
         <subfield code="r">Lennart Lehmhaus --</subfield>
         <subfield code="g">Part B.</subfield>
         <subfield code="t">Licensing empiricism : replication and authority in Mesopotamian technical literature --</subfield>
         <subfield code="t">"Tested" remedies in Mesopotamian medical texts : a label for efficacy based on empirical observation? /</subfield>
         <subfield code="r">Ulrike Steinert --</subfield>
         <subfield code="t">Theory and practice in the Syriac Book of Medicines : the empirical basis for the persistence of Near Eastern medical lore /</subfield>
         <subfield code="r">Siam Bhayro --</subfield>
         <subfield code="t">The "science of properties" and its transmission /</subfield>
         <subfield code="r">Lucia Raggetti --</subfield>
         <subfield code="t">Between demonology and hagiology : the Slavonic rendering of the Semitic Magical Historiola of the Child-Stealing Witch /</subfield>
         <subfield code="r">Florentina Badalanova Geller --</subfield>
         <subfield code="g">Part C.</subfield>
         <subfield code="t">The two paradigms : towards a new textual criticism for Mesopotamian technical compendia --</subfield>
         <subfield code="t">The Babylonians and the rational : reasoning in cuneiform scribal scholarship /</subfield>
         <subfield code="r">Francesca Rochberg --</subfield>
         <subfield code="t">Phenomena in writing : creating and interpreting variants of the diagnostic series Sa-Gig /</subfield>
         <subfield code="r">John Z. Wee --</subfield>
         <subfield code="t">Depersonalized case histories in the Babylonian therapeutic compendia /</subfield>
         <subfield code="r">J. Cale Johnson --</subfield>
         <subfield code="g">Source index --</subfield>
         <subfield code="g">Subject index --</subfield>
         <subfield code="g">Author index.</subfield>
      </datafield>
      <datafield tag="650" ind1=" " ind2="0">
         <subfield code="a">Science</subfield>
         <subfield code="z">Iraq</subfield>
         <subfield code="x">History</subfield>
         <subfield code="y">To 1500.</subfield>
      </datafield>
      <datafield tag="650" ind1=" " ind2="0">
         <subfield code="a">Technology</subfield>
         <subfield code="z">Iraq</subfield>
         <subfield code="x">History</subfield>
         <subfield code="y">To 1500.</subfield>
      </datafield>
      <datafield tag="650" ind1=" " ind2="0">
         <subfield code="a">Scientific literature</subfield>
         <subfield code="z">Iraq</subfield>
         <subfield code="x">History and criticism.</subfield>
      </datafield>
      <datafield tag="650" ind1=" " ind2="0">
         <subfield code="a">Technical literature</subfield>
         <subfield code="z">Iraq</subfield>
         <subfield code="x">History and criticism.</subfield>
      </datafield>
      <datafield tag="650" ind1=" " ind2="0">
         <subfield code="a">Reference books</subfield>
         <subfield code="z">Iraq</subfield>
         <subfield code="x">History</subfield>
         <subfield code="y">To 1500.</subfield>
      </datafield>
      <datafield tag="650" ind1=" " ind2="0">
         <subfield code="a">Empiricism in literature.</subfield>
      </datafield>
      <datafield tag="650" ind1=" " ind2="0">
         <subfield code="a">Semitic literature</subfield>
         <subfield code="x">History and criticism.</subfield>
      </datafield>
      <datafield tag="650" ind1=" " ind2="0">
         <subfield code="a">Multilingualism and literature</subfield>
         <subfield code="z">Iraq</subfield>
         <subfield code="x">History</subfield>
         <subfield code="y">To 1500.</subfield>
      </datafield>
      <datafield tag="650" ind1=" " ind2="0">
         <subfield code="a">Learning and scholarship</subfield>
         <subfield code="z">Iraq</subfield>
         <subfield code="x">History</subfield>
         <subfield code="y">To 1500.</subfield>
      </datafield>
      <datafield tag="651" ind1=" " ind2="0">
         <subfield code="a">Iraq</subfield>
         <subfield code="x">Intellectual life.</subfield>
      </datafield>
      <datafield tag="700" ind1="1" ind2=" ">
         <subfield code="a">Johnson, Justin Cale,</subfield>
         <subfield code="d">1971-</subfield>
         <subfield code="e">editor.</subfield>
      </datafield>
      <datafield tag="830" ind1=" " ind2="0">
         <subfield code="a">Science, technology, and medicine in ancient cultures,</subfield>
         <subfield code="v">v. 3;</subfield>
         <subfield code="x">2194-976X</subfield>
      </datafield>
      <datafield tag="OWN" ind1=" " ind2=" ">
         <subfield code="a">GENERAL</subfield>
      </datafield>
      <datafield tag="AVA" ind1=" " ind2=" ">
         <subfield code="a">NYU50</subfield>
         <subfield code="b">NISAW</subfield>
         <subfield code="c">Small Collection</subfield>
         <subfield code="d">Q127.I72 I5 2015</subfield>
         <subfield code="e">available</subfield>
         <subfield code="t">Available</subfield>
         <subfield code="f">1</subfield>
         <subfield code="g">0</subfield>
         <subfield code="h">N</subfield>
         <subfield code="i">0</subfield>
         <subfield code="j">SMALL</subfield>
         <subfield code="k">0</subfield>
      </datafield>
      <marc:datafield tag="852" ind1=" " ind2=" ">
         <marc:subfield code="b">Institute for the Study of the Ancient World, </marc:subfield>
         <marc:subfield code="c">Small Collection</marc:subfield>
         <marc:subfield code="e">15 East 84th St., </marc:subfield>
         <marc:subfield code="e">New York, NY  10028</marc:subfield>
      </marc:datafield>
   </record>