
  
  
  
  
 
  
  <record xsi:schemaLocation="http://www.loc.gov/MARC21/slim http://www.loc.gov/standards/marcxml/schema/MARC21slim.xsd">
      <leader>00000cam a2200517 i 4500</leader>
      <controlfield tag="FMT">BK</controlfield>
      <controlfield tag="LDR">00000cam a2200517 i 4500</controlfield>
      <controlfield tag="001">004234353</controlfield>
      <controlfield tag="003">OCoLC</controlfield>
      <controlfield tag="005">20160229163017.0</controlfield>
      <controlfield tag="008">160211s2012    ru a     b    000 0 ruso</controlfield>
      <datafield tag="010" ind1=" " ind2=" ">
         <subfield code="a">2014421678</subfield>
      </datafield>
      <datafield tag="020" ind1=" " ind2=" ">
         <subfield code="a">9785901304600</subfield>
      </datafield>
      <datafield tag="020" ind1=" " ind2=" ">
         <subfield code="a">5901304608</subfield>
      </datafield>
      <datafield tag="035" ind1=" " ind2=" ">
         <subfield code="a">(OCoLC)898113549</subfield>
      </datafield>
      <datafield tag="040" ind1=" " ind2=" ">
         <subfield code="a">DLC</subfield>
         <subfield code="b">eng</subfield>
         <subfield code="e">rda</subfield>
         <subfield code="c">DLC</subfield>
         <subfield code="d">OCLCO</subfield>
         <subfield code="d">NNU</subfield>
      </datafield>
      <datafield tag="041" ind1="0" ind2=" ">
         <subfield code="a">rus</subfield>
         <subfield code="f">eng</subfield>
         <subfield code="f">ger</subfield>
         <subfield code="j">eng</subfield>
         <subfield code="j">ger</subfield>
      </datafield>
      <datafield tag="042" ind1=" " ind2=" ">
         <subfield code="a">pcc</subfield>
      </datafield>
      <datafield tag="043" ind1=" " ind2=" ">
         <subfield code="a">e-ru---</subfield>
      </datafield>
      <datafield tag="050" ind1="0" ind2="0">
         <subfield code="a">GN780.22.R9</subfield>
         <subfield code="b">D74 2012</subfield>
      </datafield>
      <datafield tag="066" ind1=" " ind2=" ">
         <subfield code="c">(N</subfield>
      </datafield>
      <datafield tag="245" ind1="0" ind2="0">
         <subfield code="6">880-01</subfield>
         <subfield code="a">Drevnosti Prikamʹi͡a ėpokhi zheleza, VI v. do n. ė.-XV v. n. ė. :</subfield>
         <subfield code="b">khronologicheskai͡a atribut͡sii͡a /</subfield>
         <subfield code="c">Nauchnye redaktory, kandidat istoricheskikh nauk, nauchnyĭ sotrudnik Instituta istorii i kulʹtury narodov Priuralʹi͡a L.I. Lipina, nauchnyĭ sotrudnik Instituta istorii i kulʹtury narodov Priuralʹi͡a N.F. Shirobokova ; sostavitelʹ i otv. redaktor R.D. Goldina.</subfield>
      </datafield>
      <datafield tag="264" ind1=" " ind2="1">
         <subfield code="6">880-02</subfield>
         <subfield code="a">Izhevsk :</subfield>
         <subfield code="b">Izdatelʹstvo "Udmurtskiĭ gosudarstvennyĭ universitet",</subfield>
         <subfield code="c">2012.</subfield>
      </datafield>
      <datafield tag="300" ind1=" " ind2=" ">
         <subfield code="a">542 pages :</subfield>
         <subfield code="b">some color illustrations ;</subfield>
         <subfield code="c">30 cm.</subfield>
      </datafield>
      <datafield tag="336" ind1=" " ind2=" ">
         <subfield code="a">text</subfield>
         <subfield code="b">txt</subfield>
         <subfield code="2">rdacontent</subfield>
      </datafield>
      <datafield tag="337" ind1=" " ind2=" ">
         <subfield code="a">unmediated</subfield>
         <subfield code="b">n</subfield>
         <subfield code="2">rdamedia</subfield>
      </datafield>
      <datafield tag="338" ind1=" " ind2=" ">
         <subfield code="a">volume</subfield>
         <subfield code="b">nc</subfield>
         <subfield code="2">rdacarrier</subfield>
      </datafield>
      <datafield tag="490" ind1="1" ind2=" ">
         <subfield code="6">880-03</subfield>
         <subfield code="a">Materialy i issledovanii͡a Kamsko-Vi͡atskoĭ arkheologicheskoĭ ėkspedit͡sii ;</subfield>
         <subfield code="v">tom 25</subfield>
      </datafield>
      <datafield tag="504" ind1=" " ind2=" ">
         <subfield code="a">Includes bibliographical references.</subfield>
      </datafield>
      <datafield tag="546" ind1=" " ind2=" ">
         <subfield code="a">Russian; table of contents and captions also in English and German.</subfield>
      </datafield>
      <datafield tag="500" ind1=" " ind2=" ">
         <subfield code="6">880-04</subfield>
         <subfield code="a">At head of title: FGBOU VPO "Udmurtskiĭ gosudarstvennyĭ universitet", Istoricheskiĭ fakulʹtet; Institut istorii i kulʹtury narodov Priuraliʹ͡a (and other).</subfield>
      </datafield>
      <datafield tag="500" ind1=" " ind2=" ">
         <subfield code="6">880-05</subfield>
         <subfield code="a">"Nauchnoe izdanie"--Colophon.</subfield>
      </datafield>
      <datafield tag="650" ind1=" " ind2="0">
         <subfield code="a">Iron age</subfield>
         <subfield code="z">Russia (Federation)</subfield>
         <subfield code="z">Kama River Region.</subfield>
      </datafield>
      <datafield tag="651" ind1=" " ind2="0">
         <subfield code="a">Kama River Region (Russia)</subfield>
         <subfield code="x">Antiquities.</subfield>
      </datafield>
      <datafield tag="650" ind1=" " ind2="0">
         <subfield code="a">Cemeteries</subfield>
         <subfield code="z">Russia (Federation)</subfield>
         <subfield code="z">Kama River Region</subfield>
         <subfield code="x">Dating.</subfield>
      </datafield>
      <datafield tag="650" ind1=" " ind2="0">
         <subfield code="a">Grave goods</subfield>
         <subfield code="z">Russia (Federation)</subfield>
         <subfield code="z">Kama River Region</subfield>
         <subfield code="x">Dating.</subfield>
      </datafield>
      <datafield tag="650" ind1=" " ind2="0">
         <subfield code="a">Excavations (Archaeology)</subfield>
         <subfield code="z">Russia (Federation)</subfield>
         <subfield code="z">Kama River Region.</subfield>
      </datafield>
      <datafield tag="611" ind1="2" ind2="0">
         <subfield code="a">Kamsko-Vi͡atskai͡a arkheologicheskai͡a ėkspedit͡sii͡a.</subfield>
      </datafield>
      <datafield tag="700" ind1="1" ind2=" ">
         <subfield code="6">880-06</subfield>
         <subfield code="a">Goldina, R. D.</subfield>
         <subfield code="q">(Rimma Dmitrievna)</subfield>
         <subfield code="e">compiler.</subfield>
      </datafield>
      <datafield tag="700" ind1="1" ind2=" ">
         <subfield code="6">880-07</subfield>
         <subfield code="a">Lipina, L. I.,</subfield>
         <subfield code="e">editor.</subfield>
      </datafield>
      <datafield tag="700" ind1="1" ind2=" ">
         <subfield code="6">880-08</subfield>
         <subfield code="a">Shirobokova, N. F.</subfield>
         <subfield code="q">(Nadezhda Fedorovna),</subfield>
         <subfield code="e">editor.</subfield>
      </datafield>
      <datafield tag="710" ind1="2" ind2=" ">
         <subfield code="6">880-09</subfield>
         <subfield code="a">Udmurtskiĭ gosudarstvennyĭ universitet.</subfield>
         <subfield code="b">Kafedra arkheologii i istorii pervobytnogo obshchestva,</subfield>
         <subfield code="e">issuing body.</subfield>
      </datafield>
      <datafield tag="880" ind1="0" ind2="0">
         <subfield code="6">245-01/</subfield>
         <subfield code="a">Древности Прикамья эпохи железа, VI в. до н. э.-XV в. н. э. :</subfield>
         <subfield code="b">хронологическая атрибуция /</subfield>
         <subfield code="c">Научные редакторы, кандидат исторических наук, научный сотрудник Института истории и культуры народов Приуралья Л.И. Липина, научный сотрудник Института истории и культуры народов Приуралья Н.Ф. Широбокова ; составитель и отв. редактор Р.Д. Голдина.</subfield>
      </datafield>
      <datafield tag="880" ind1=" " ind2="1">
         <subfield code="6">264-02/</subfield>
         <subfield code="a">Ижевск :</subfield>
         <subfield code="b">Издательство "Удмуртский государственный университет",</subfield>
         <subfield code="c">2012.</subfield>
      </datafield>
      <datafield tag="880" ind1="1" ind2=" ">
         <subfield code="6">490-03/</subfield>
         <subfield code="a">Материалы и исследования Камско-Вятской археологической экспедиции ;</subfield>
         <subfield code="v">том 25</subfield>
      </datafield>
      <datafield tag="880" ind1=" " ind2=" ">
         <subfield code="6">500-04/</subfield>
         <subfield code="a">At head of title: ФГБОУ ВПО "Udmurtskiĭ gosudarstvennyĭ universitet", Исторический факультет; Институт истории и культуры нaрoдoв Приуралья (and other).</subfield>
      </datafield>
      <datafield tag="880" ind1=" " ind2=" ">
         <subfield code="6">500-05/</subfield>
         <subfield code="a">"Научное издание"--Colophon.</subfield>
      </datafield>
      <datafield tag="880" ind1="1" ind2=" ">
         <subfield code="6">700-06/</subfield>
         <subfield code="a">Гoлдина, Р. Д.</subfield>
         <subfield code="q">(Римма Дмитриевна)</subfield>
         <subfield code="e">compiler.</subfield>
      </datafield>
      <datafield tag="880" ind1="1" ind2=" ">
         <subfield code="6">700-07/</subfield>
         <subfield code="a">Липина, Л. И.,</subfield>
         <subfield code="e">editor.</subfield>
      </datafield>
      <datafield tag="880" ind1="1" ind2=" ">
         <subfield code="6">700-08/</subfield>
         <subfield code="a">Широбокова, Н.Ф.</subfield>
         <subfield code="q">(Надежда Федоровна),</subfield>
         <subfield code="e">editor.</subfield>
      </datafield>
      <datafield tag="880" ind1="2" ind2=" ">
         <subfield code="6">710-09/</subfield>
         <subfield code="a">Удмуртский государственный университет.</subfield>
         <subfield code="b">Кафедра археологии и истории первобытного общества.,</subfield>
         <subfield code="e">issuing body.</subfield>
      </datafield>
      <datafield tag="830" ind1=" " ind2="0">
         <subfield code="6">880-10</subfield>
         <subfield code="a">Materialy i issledovanii͡a Kamsko-Vi͡atskoĭ arkheologicheskoĭ ėkspedit͡sii ;</subfield>
         <subfield code="v">t. 25.</subfield>
      </datafield>
      <datafield tag="880" ind1=" " ind2="0">
         <subfield code="6">830-10/</subfield>
         <subfield code="a">Материалы и исследования Камско-Вятской археологической экспедиции ;</subfield>
         <subfield code="v">t. 25.</subfield>
      </datafield>
      <datafield tag="994" ind1=" " ind2=" ">
         <subfield code="a">Z0</subfield>
         <subfield code="b">ZYU</subfield>
      </datafield>
      <datafield tag="OWN" ind1=" " ind2=" ">
         <subfield code="a">GENERAL</subfield>
      </datafield>
      <datafield tag="AVA" ind1=" " ind2=" ">
         <subfield code="a">NYU50</subfield>
         <subfield code="b">NISAW</subfield>
         <subfield code="c">Large Collection</subfield>
         <subfield code="d">GN780.22.R9 D74 2012</subfield>
         <subfield code="e">available</subfield>
         <subfield code="t">Available</subfield>
         <subfield code="f">1</subfield>
         <subfield code="g">0</subfield>
         <subfield code="h">N</subfield>
         <subfield code="i">0</subfield>
         <subfield code="j">LARGE</subfield>
         <subfield code="k">0</subfield>
      </datafield>
      <marc:datafield tag="852" ind1=" " ind2=" ">
         <marc:subfield code="b">Institute for the Study of the Ancient World, </marc:subfield>
         <marc:subfield code="c">Large Collection</marc:subfield>
         <marc:subfield code="e">15 East 84th St., </marc:subfield>
         <marc:subfield code="e">New York, NY  10028</marc:subfield>
      </marc:datafield>
   </record>