
  
  
  
  
  
 
  
  <record xsi:schemaLocation="http://www.loc.gov/MARC21/slim http://www.loc.gov/standards/marcxml/schema/MARC21slim.xsd">
      <leader>00000cam a22      a 4500</leader>
      <controlfield tag="FMT">BK</controlfield>
      <controlfield tag="LDR">00000cam a22      a 4500</controlfield>
      <controlfield tag="001">004235439</controlfield>
      <controlfield tag="005">20160229153811.0</controlfield>
      <controlfield tag="008">160216s2010    nyuaf    b    001 0 eng</controlfield>
      <datafield tag="010" ind1=" " ind2=" ">
         <subfield code="a">  2010036135</subfield>
      </datafield>
      <datafield tag="016" ind1="7" ind2=" ">
         <subfield code="a">015669047</subfield>
         <subfield code="2">Uk</subfield>
      </datafield>
      <datafield tag="020" ind1=" " ind2=" ">
         <subfield code="a">9780897223126</subfield>
         <subfield code="q">(alk. paper)</subfield>
      </datafield>
      <datafield tag="020" ind1=" " ind2=" ">
         <subfield code="a">0897223128</subfield>
         <subfield code="q">(alk. paper)</subfield>
      </datafield>
      <datafield tag="035" ind1=" " ind2=" ">
         <subfield code="a">(OCoLC)659775615</subfield>
      </datafield>
      <datafield tag="040" ind1=" " ind2=" ">
         <subfield code="a">DLC</subfield>
         <subfield code="b">eng</subfield>
         <subfield code="c">DLC</subfield>
         <subfield code="d">BTCTA</subfield>
         <subfield code="d">YDXCP</subfield>
         <subfield code="d">UKMGB</subfield>
         <subfield code="d">CGU</subfield>
         <subfield code="d">OCLCF</subfield>
         <subfield code="d">N5L</subfield>
         <subfield code="d">OCLCQ</subfield>
         <subfield code="d">NNU</subfield>
      </datafield>
      <datafield tag="043" ind1=" " ind2=" ">
         <subfield code="a">ar-----</subfield>
      </datafield>
      <datafield tag="050" ind1="0" ind2="0">
         <subfield code="a">CJ1397</subfield>
         <subfield code="b">.C65 2010</subfield>
      </datafield>
      <datafield tag="082" ind1="0" ind2="0">
         <subfield code="a">737.4995302</subfield>
         <subfield code="2">22</subfield>
      </datafield>
      <datafield tag="245" ind1="0" ind2="0">
         <subfield code="a">Coinage of the caravan kingdoms :</subfield>
         <subfield code="b">studies in ancient Arabian monetization /</subfield>
         <subfield code="c">edited by Martin Huth and Peter G. van Alfen.</subfield>
      </datafield>
      <datafield tag="260" ind1=" " ind2=" ">
         <subfield code="a">New York :</subfield>
         <subfield code="b">American Numismatic Society,</subfield>
         <subfield code="c">2010.</subfield>
      </datafield>
      <datafield tag="300" ind1=" " ind2=" ">
         <subfield code="a">602 pages, 42 pages of plates :</subfield>
         <subfield code="b">illustrations ;</subfield>
         <subfield code="c">31 cm +</subfield>
         <subfield code="e">1 CD-ROM (4 3/4 in.).</subfield>
      </datafield>
      <datafield tag="336" ind1=" " ind2=" ">
         <subfield code="a">text</subfield>
         <subfield code="b">txt</subfield>
         <subfield code="2">rdacontent</subfield>
      </datafield>
      <datafield tag="337" ind1=" " ind2=" ">
         <subfield code="a">unmediated</subfield>
         <subfield code="b">n</subfield>
         <subfield code="2">rdamedia</subfield>
      </datafield>
      <datafield tag="338" ind1=" " ind2=" ">
         <subfield code="a">volume</subfield>
         <subfield code="b">nc</subfield>
         <subfield code="2">rdacarrier</subfield>
      </datafield>
      <datafield tag="490" ind1="1" ind2=" ">
         <subfield code="a">Numismatic studies ;</subfield>
         <subfield code="v">25</subfield>
      </datafield>
      <datafield tag="504" ind1=" " ind2=" ">
         <subfield code="a">Includes bibliographical references and indexes.</subfield>
      </datafield>
      <datafield tag="500" ind1=" " ind2=" ">
         <subfield code="a">Errata slip inserted.</subfield>
      </datafield>
      <datafield tag="505" ind1="0" ind2="0">
         <subfield code="t">Introduction /</subfield>
         <subfield code="r">Martin Huth and Peter G. van Alfen --</subfield>
         <subfield code="t">Arabian coinage : background and common aspects --</subfield>
         <subfield code="t">The Arabian Peninsula, 600 BCE to 600 CE : introduction : sources and geography /</subfield>
         <subfield code="r">D.T. Potts --</subfield>
         <subfield code="t">The circulation of foreign coins within Arabia and of Arabian coins outside the peninsula in the pre-Islamic era /</subfield>
         <subfield code="r">D.T. Potts --</subfield>
         <subfield code="t">Monetary circulation in South West Arabia between the fourth and second centuries BCE : the al-Jawf hoards of 2001 and 2002 /</subfield>
         <subfield code="r">Martin Huth --</subfield>
         <subfield code="t">Gods and kings : on the imagery of Arabian coinage /</subfield>
         <subfield code="r">Martin Huth --</subfield>
         <subfield code="t">The gold coins /</subfield>
         <subfield code="r">Martin Huth --</subfield>
         <subfield code="t">The Levantine Coast and Northern Arabia --</subfield>
         <subfield code="t">Philistian coinage /</subfield>
         <subfield code="r">Wolfgang Fischer-Bossert --</subfield>
         <subfield code="t">Important additions to the corpus of Nabataean coins since 1990 /</subfield>
         <subfield code="r">Oliver Hoover and Rachel Barkay --</subfield>
         <subfield code="t">Some Nabataean questions reconsidered /</subfield>
         <subfield code="r">Martin Huth --</subfield>
         <subfield code="t">Western and Southern Arabia --</subfield>
         <subfield code="t">The Athenian imitations from Arabia /</subfield>
         <subfield code="r">Martin Huth --</subfield>
         <subfield code="t">Die studies of the earliest Qatabanian and Sabaean coinages /</subfield>
         <subfield code="r">Peter G. van Alfen --</subfield>
         <subfield code="t">The monetary terminology of ancient South Arabia in light of new epigraphic evidence /</subfield>
         <subfield code="r">Peter Stein --</subfield>
         <subfield code="t">The so-called "cursive legend" reconsidered /</subfield>
         <subfield code="r">Martin Huth and Peter Stein --</subfield>
         <subfield code="t">Himyarite kings on coinage /</subfield>
         <subfield code="r">Christian Robin --</subfield>
         <subfield code="t">Eastern Arabia --</subfield>
         <subfield code="t">A new chronology for the Arabian Alexanders /</subfield>
         <subfield code="r">Oliver Callot --</subfield>
         <subfield code="t">The Abiel coins of Eastern Arabia : a study of the Aramaic legends /</subfield>
         <subfield code="r">Michael C.A. Macdonald --</subfield>
         <subfield code="t">A die study of the Abiel coinage of Eastern Arabia /</subfield>
         <subfield code="r">Peter G. van Alfen.</subfield>
      </datafield>
      <datafield tag="520" ind1=" " ind2=" ">
         <subfield code="a">This volume represents the first comprehensive look at ancient Arabian coinage in toto since George Hill's 1922 British Museum catalogue. In addition to a catalogue and updated typologies of Philistian, Nabataean, Minaen, Qatabanian, Sabaean, Himyarite, and Gerrhean coinages, among others, and die studies of the owl and Alexander imitations, this volume features essays written by numismatists, archaeologists, and epigraphists that situate the coins within their political, social, and economic contexts. As these studies demonstrate, the beginnings of coinage in Arabia followed two very distinct traditions, the first along a line running roughly from Gaza on the Mediterranean coast to the Hadhramawt on the Arabian Sea, the other in eastern Arabia, running along the Persian Gulf coast from the mouth of the Euphrates to the Oman peninsula.</subfield>
      </datafield>
      <datafield tag="650" ind1=" " ind2="0">
         <subfield code="a">Coins, Ancient</subfield>
         <subfield code="z">Arabian Peninsula.</subfield>
      </datafield>
      <datafield tag="650" ind1=" " ind2="0">
         <subfield code="a">Coins, Arab</subfield>
         <subfield code="z">Arabian Peninsula</subfield>
         <subfield code="x">History</subfield>
         <subfield code="y">To 1500.</subfield>
      </datafield>
      <datafield tag="651" ind1=" " ind2="0">
         <subfield code="a">Arabian Peninsula</subfield>
         <subfield code="x">Antiquities.</subfield>
      </datafield>
      <datafield tag="651" ind1=" " ind2="0">
         <subfield code="a">Arabian Peninsula</subfield>
         <subfield code="x">Economic conditions.</subfield>
      </datafield>
      <datafield tag="650" ind1=" " ind2="0">
         <subfield code="a">Coinage</subfield>
         <subfield code="z">Arabian Peninsula</subfield>
         <subfield code="x">History</subfield>
         <subfield code="y">To 1500.</subfield>
      </datafield>
      <datafield tag="650" ind1=" " ind2="0">
         <subfield code="a">Monetary policy</subfield>
         <subfield code="z">Arabian Peninsula</subfield>
         <subfield code="x">History</subfield>
         <subfield code="y">To 1500.</subfield>
      </datafield>
      <datafield tag="651" ind1=" " ind2="0">
         <subfield code="a">Arabian Peninsula</subfield>
         <subfield code="x">Economic policy.</subfield>
      </datafield>
      <datafield tag="700" ind1="1" ind2=" ">
         <subfield code="a">Huth, Martin.</subfield>
      </datafield>
      <datafield tag="700" ind1="1" ind2=" ">
         <subfield code="a">Van Alfen, Peter G.</subfield>
      </datafield>
      <datafield tag="700" ind1="1" ind2=" ">
         <subfield code="a">Potts, Daniel T.,</subfield>
         <subfield code="e">contributor.</subfield>
      </datafield>
      <datafield tag="830" ind1=" " ind2="0">
         <subfield code="a">Numismatic studies ;</subfield>
         <subfield code="v">no. 25.</subfield>
      </datafield>
      <datafield tag="OWN" ind1=" " ind2=" ">
         <subfield code="a">GENERAL</subfield>
      </datafield>
      <datafield tag="AVA" ind1=" " ind2=" ">
         <subfield code="a">NYU50</subfield>
         <subfield code="b">NISAW</subfield>
         <subfield code="c">Large Collection</subfield>
         <subfield code="d">CJ1397 .C65 2010</subfield>
         <subfield code="e">available</subfield>
         <subfield code="t">Available</subfield>
         <subfield code="f">1</subfield>
         <subfield code="g">0</subfield>
         <subfield code="h">N</subfield>
         <subfield code="i">0</subfield>
         <subfield code="j">LARGE</subfield>
         <subfield code="k">0</subfield>
      </datafield>
      <marc:datafield tag="852" ind1=" " ind2=" ">
         <marc:subfield code="b">Institute for the Study of the Ancient World, </marc:subfield>
         <marc:subfield code="c">Large Collection</marc:subfield>
         <marc:subfield code="e">15 East 84th St., </marc:subfield>
         <marc:subfield code="e">New York, NY  10028</marc:subfield>
      </marc:datafield>
   </record>